@inproceedings{Qi:2011,
 author = {Qi, Dawei and Nguyen, Hoang D.T. and Roychoudhury, Abhik},
 title = {Path exploration based on symbolic output},
 booktitle = {ESEC/FSE},
 year = {2011},
 location = {Szeged, Hungary},
 pages = {278--288},
} 

@inproceedings{yang:icse2014,
 author = {Yang, Guowei and Khurshid, Sarfraz and Person, Suzette and Rungta, Neha },
 title = {Property Differencing for Incremental Checking},
 booktitle={ICSE},
 series = {},
 year = {2014},
 pages = {to appear},
} 

@inproceedings{KLEE,
  author    = {Cristian Cadar and  Daniel Dunbar and  Dawson R. Engler},
  title     = {{KLEE}: Unassisted and Automatic Generation of High-Coverage
               Tests for Complex Systems Programs},
  booktitle = {OSDI},
  year      = {2008},
  pages     = {209-224},
  }


@INPROCEEDINGS{CSMR:2013,
    author = {Hana Chockler and Giovanni Denaro and Meijia Ling and Grigory Fedyukovich and Antti E. J. Hyvrinen and
    Leonardo Mariani and Ali Muhammad and Manuel Oriol and Ajitha Rajan and Ondrej Sery and Natasha Sharygina and 
    Michael Tautschnig},
    title = {PINCETTE ÔøΩ Validating Changes and Upgrades in Networked Software},
    booktitle = {CSMR},
    year = {2013},
    pages = {},
    publisher = {}
}

@inproceedings{Lahiri:2012,
 author = {Lahiri, Shuvendu K. and Hawblitzel, Chris and Kawaguchi, Ming and Reb\^{e}lo, Henrique},
 title = {{SYMDIFF}: a language-agnostic semantic diff tool for imperative programs},
 booktitle = {CAV},
 year = {2012},
 pages = {712--717},
} 

@inproceedings {sery:fmcad2012,
        author = {Ondrej Sery and  Grigory Fedyukovich and  Natasha Sharygina},
	title = {Incremental Upgrade Checking by Means of Interpolation-based Function Summaries},
	booktitle = {FMCAD},
	year = {2012},
	address = {UK},
	URL = {publications/upgrade-checking-fmcad}
}

@inproceedings{Beyer:2013,
author={Beyer, Dirk and Lowe, Stefan and Novikov, Evgeny and
                  Stahlbauer, Andreas and Wendler, Philipp},
title={Precision Reuse for Efficient RegressionVerification},
booktitle = {ESEC/FSE To appear},
series = {},
year={2013},
}

@inproceedings{lahiri:2013,
author={Shuvendu K. Lahiri, Kenneth L. McMillan, Rahul Sharma, and
                  Chris Hawblitzel},
title={Differential Assertion Checking},
booktitle = {ESEC/FSE To appear},
series = {},
year={2013},
}

@book{Strichman:2008,
 author = {Strichman,, Ofer and Godlin,, Benny},
 title = {Regression Verification - A Practical Way to Verify Programs},
 book = {{V}erified {S}oftware: Theories, Tools, Experiments},
 year = {2008},
 publisher = {Springer-Verlag},
 address = {Berlin, Heidelberg},
 }
 
 @inproceedings{Strichman:CAV2009,
  author    = {Benny Godlin and
               Ofer Strichman},
  title     = {Regression verification},
  booktitle = {DAC},
  year      = {2009}
}




@inproceedings{Geldenhuys:2012,
 author = {Geldenhuys, Jaco and Dwyer, Matthew B. and Visser, Willem},
 title = {Probabilistic Symbolic Execution},
 booktitle = {ISSTA},
 series = {},
 year = {2012},
 pages = {166--176},
} 



@inproceedings{proteus,
  author = {Backes, John and Person, Suzette and Rungta, Neha and Tkachuk, Oksana},
  title = {{P}roteus: A Change Impact Analysis Framework},
  booktitle = {Technical Report},
  pages = {},
  year = {2013},
}

@INPROCEEDINGS{rungta:icsm2012,
    author = {Rungta, Neha and Person, Suzette and Branchaud, Joshua},
    title = {A Change Impact Analysis to Characterize Evolving Program Behaviors},
    booktitle = {ICSM},
    pages = {109--118},
    numpages = {10},
    year = {2012}
}

@article{mercer:jpf2012,
 author = {Mercer, Eric and Person, Suzette and Rungta, Neha},
 title = {Computing and visualizing the impact of change with Java PathFinder extensions},
 journal = {SIGSOFT Softw. Eng. Notes},
 issue_date = {November 2012},
 volume = {37},
 number = {6},
 month = nov,
 year = {2012},
 issn = {0163-5948},
 pages = {1--5},
 numpages = {5},
 acmid = {2382801},
 publisher = {ACM},
 address = {New York, NY, USA},
 keywords = {program analysis, visualization},
} 



@inproceedings{Pasareanu:2011,
 author = {P\u{a}s\u{a}reanu, Corina S. and Rungta, Neha and Visser, Willem},
 title = {Symbolic execution with mixed concrete-symbolic solving},
 booktitle = {ISSTA},
 series = {},
 year = {2011},
 pages = {34--44},
} 


@INPROCEEDINGS{Rungta:ICSM12,
    author = {Rungta, Neha and Person, Suzette and Branchaud, Joshua},
    title = {A Change Impact Analysis to Characterize Evolving Program Behaviors},
    booktitle = {ICSM},
    pages = {},
    year = {2012}
}

@inproceedings{person:pldi2011,
 author = {Person, Suzette and Yang, Guowei and Rungta, Neha and Khurshid, Sarfraz},
 title = {Directed incremental symbolic execution},
 booktitle={PLDI},
 series = {},
 year = {2011},
 pages = {504--515},
} 

@TechReport{SeoETAL06EnergyConsumptionFrameworkDistributedJava,
  author =       {Chiyoung Seo and Sam Malek and Nenad Medvidovic},
  title =        {An Energy Consumption Framework for Distributed {J}ava-Based Software Systems},
  institution =  {University of Southern California},
  year =         2006,
  number =       {USC-CSE-2006-604}
}



@inproceedings{CadarEngler05EXE,
  author    = {Cristian Cadar and Dawson R. Engler},
  title     = {Execution Generated Test Cases: How to Make Systems Code Crash Itself},
  booktitle = {SPIN},
  pages     = {2-23},
  year      = {2005}
}

@PhdThesis{ChangPhD10DataFlowSymbolicExecution,
  author =   {Walter Chochen Chang},
  title =    {Improving Dynamic Analysis with Data Flow Analysis},
  school =   {University of Texas at Austin},
  year =     2010
}

@inproceedings{deMouraBjorner08Z3,
  author    = {Leonardo de Moura and Nikolaj Bj{\o}rner},
  title     = {{Z3}: An Efficient {SMT} Solver},
  booktitle = {TACAS},
  pages     = {337-340},
  year      = {2008}
}


@InProceedings{Lahiri10DiffStatic,
  author =   {Shuvendu K. Lahiri and Kapil Vaswani and Tony Hoare},
  title =    {Differential Static Analysis: Opportunities, Applications, and Challenges},
  pages = {201--204},
  booktitle =    {FoSER},
  year =     2010
}

@inproceedings{KhurshidSuen2005AbsSymExe,
  author    = {Sarfraz Khurshid and Yuk Lai Suen},
  title     = {Generalizing symbolic execution to library classes},
  booktitle = {PASTE},
pages     = {103-110},
  year      = {2005}
}

@inproceedings{Apiw:TAIC06,
 author = {Taweesup Apiwattanapong and Raul Santelices and Pavan Kumar Chittimalli and Alessandro Orso and Mary Jean Harrold},
 title = {{MATRIX}: Maintenance--Oriented Testing Requirements Identifier and Examiner},
 booktitle = {TAIC PART},
 year = {2006},
 pages = {137--146}
 }

 @inproceedings{Buse:ASE2010,
 author = {Buse, Raymond P.L. and Weimer, Westley R.},
 title = {Automatically documenting program changes},
 booktitle = {ASE},
 year = {2010},
 pages = {33--42}
 }



@inproceedings{Daniel:FSE07,
 author = {Brett Daniel and Danny Dig and Kely Garcia and Darko Marinov},
 title = {Automated testing of refactoring engines},
 booktitle = {ESEC/FSE},
 year = {2007},
 pages = {185--194}
 }

@inproceedings{Bhansali97,
  author    = {Praful V. Bhansali},
  title     = {Perspectives on Safety-Critical Software},
  booktitle = {ASWEC},
  year      = {1997},
  pages     = {108-109}
}

@inproceedings{Visser:ISSTA04,
 author = {Willem Visser and Corina S. P\u{a}s\u{a}reanu and Sarfraz Khurshid},
 title = {Test input generation with {J}ava {P}ath{F}inder},
 booktitle = {ISSTA},
 year = {2004},
 pages = {97--107}
 }

@inproceedings{Visser:ISSTA06,
 author = {Willem Visser and Corina S. P\u{a}s\u{a}reanu and Radek Pel\'{a}nek},
 title = {Test input generation for {J}ava containers using state matching},
 booktitle = {ISSTA},
 year = {2006},
 pages = {37--48}
 }

@inproceedings{Siegel:ISSTA06,
 author = {Stephen F. Siegel and Anastasia Mironova and George S. Avrunin and Lori A. Clarke},
 title = {Using model checking with symbolic execution to verify parallel numerical programs},
 booktitle = {ISSTA},
 year = {2006},
 pages = {157--168}
 }

@inproceedings{Horwitz:PLDI90,
 author = {Susan Horwitz},
 title = {Identifying the semantic and textual differences between two versions of a program},
 booktitle = {PLDI},
 year = {1990},
 pages = {234--245}
}

@inproceedings{Kim:ICSE07,
 author = {Miryung Kim and David Notkin and Dan Grossman},
 title = {Automatic Inference of Structural Changes for Matching across Program Versions},
 booktitle = {ICSE},
 year = {2007},
 pages = {333--343}
 }

@inproceedings{Kim:MSR06,
 author = {Miryung Kim and David Notkin},
 title = {Program element matching for multi-version program analyses},
 booktitle = {MSR},
 year = {2006},
 pages = {58--64}
}

@inproceedings{Notkin:PASTE02,
 author = {David Notkin},
 title = {Longitudinal program analysis},
 booktitle = {PASTE},
 year = {2002}
 }

@inproceedings{Jackson:ICSM94,
 author = {Daniel Jackson and David A. Ladd},
 title = {Semantic {D}iff: A Tool for Summarizing the Effects of Modifications},
 booktitle = {ICSM},
 year = {1994},
 pages = {243--252}
 }

 @article{Griswold:TSE93,
 author = {William G. Griswold and David Notkin},
 title = {Automated assistance for program restructuring},
 journal = {ACM Transactions Software Engineering and Methodology},
 volume = {2},
 number = {3},
 year = {1993},
 pages = {228--269}
 }

@article{Currie:IJPP06,
 author = {David Currie and Xiushan Feng and Masahiro Fujita and Alan J. Hu and Mark Kwan and Sreeranga Rajan},
 title = {Embedded software verification using symbolic execution and uninterpreted functions},
 journal = {International Journal of Parallel Programming},
 volume = {34},
 number = {1},
 year = {2006},
 pages = {61--91}
 }

@inproceedings{Binkley:ICSM92,
    author = {David Binkley},
    title = {Using semantic differencing to reduce the cost of regression testing},
    booktitle = {ICSM},
    year = {1992},
    pages = {41--50}
 }



@article{BushETAL00Prefix,
  author    = {William R. Bush and Jonathan D. Pincus and David J. Sielaff},
  title     = {A static analyzer for finding dynamic programming errors},
  journal   = {Software: Practice and Experience},
  volume    = {30},
  number    = {7},
  pages     = {775--802},
  year      = {2000}
}

@inproceedings{Anand:TACAS08,
  author = {Saswat Anand and Patrice Godefroid and Nikoli Tillmann},
  title = {Demand-Driven Compositional Symbolic Execution},
  booktitle = {TACAS},
  year = 2008
}

@misc{refactoring:URL,
    author={M. Fowler},
    title="Refactoring Home Page",
    howpublished={\url|http://refactoring.org|},
   year={2007}
}

@misc{choco:URL,
    author={Choco},
    title="Main--Page {C}hoco",
    howpublished={\url|http://www.emn.fr/z-info/choco-solver/|},
   year={2010}
}

@misc{JMeter:URL,
    author={JMeter},
    title="JMeter--{A}pache {JM}eter",
    howpublished={\url|http://jakarta.apache.org/jmeter/|},
   year={2008}
}

@misc{siena:URL,
    author={Siena},
    title="Siena: A Wide--Area Event Notification Service",
    howpublished={\url|http://serl.cs.colorado.edu/~serl/dot/siena.html|},
   year={2008}
}

@misc{SIR:URL,
    author={SIR},
    title="Software-artifact Infrastructure Repository: Home",
    howpublished={\url|http://sir.unl.edu|},
   year={2008}
}

@misc{CVC3:URL,
    author={CVC3},
    title="{CVC3} page",
    howpublished={\url|http://www.cs.nyu.edu/acsys/cvc3|},
   year={2010}
}

@misc{IASolver:URL,
    author={IASolver},
    title="{IASolver} page",
    howpublished={\url|http://www.cs.brandeis.edu/~tim/Applets/IAsolver.html|},
   year={2010}
}

@article{astdiff,
 author = {Taweesup Apiwattanapong and Alessandro Orso and Mary Jean Harrold},
 title = {JDiff: A differencing technique and tool for object-oriented programs},
 journal = {Automated Software Engineering},
 volume = {14},
 number = {1},
 year = {2007},
 pages = {3--36}
}

@inproceedings{jdiff,
  author = {Taweesup Apiwattanapong and Alessandro Orso and Mary Jean Harrold},
  title = {A Differencing Algorithm for Object-Oriented Programs},
  booktitle = {ASE},
  year = 2004,
  pages = {2--13}
}

@inproceedings{dex,
  author = {S. Raghavan and R.   Rohana and D.   Leon and A.  Podgurski and V.  Augustine},
  title = {Dex: a semantic-graph differencing tool for studying changes in large code bases},
  booktitle = {ICSM},
  year = 2004,
  pages = {188-197}
}

@MISC{gnudiff,
  author =       "Diffutils",
  title =        "Comparing and Merging Files",
  howpublished = {{http://www.gnu.org/software/diffutils}},
  year =         "2002"
}

@article{ rothermel97tosem,
    author = "Gregg Rothermel and Mary Jean Harrold",
    title = "A safe, efficient regression test selection technique",
    journal = "ACM Transactions on Software Engineering and Methodology",
    volume = "6",
    number = "2",
    pages = "173--210",
    year = "1997"}

@article{elbaum02tse,
 author = {Sebastian Elbaum and Alexey G. Malishevsky and Gregg Rothermel},
 title = {Test Case Prioritization: A Family of Empirical Studies},
 journal = {IEEE Transactions Software Engineering},
 volume = {28},
 number = {2},
 year = {2002},
 pages = {159--182},
 }

@inproceedings{ren05icse,
 author = {Xiaoxia Ren and Barbara G. Ryder and Maximilian Stoerzer and Frank Tip},
 title = {Chianti: a change impact analysis tool for {J}ava programs},
 booktitle = {ICSE},
 year = {2005},
 pages = {664--665}
 }

@inproceedings{Pasareanu:ISSTA08,
  author = {Corina S. P\u{a}s\u{a}reanu and Peter C. Mehlitz and David H. Bushnell and Karen Gundy-Burlet and Michael Lowry and Suzette Person and Mark Pape},
  title = {Combining unit-level symbolic execution and system-level concrete execution for testing {NASA} software},
  booktitle = {ISSTA},
  year = 2008,
  pages = {15--25}
}

@article{Bryant:TCL01,
 author = {Randal E. Bryant and Steven German and Miroslav N. Velev},
 title = {Processor verification using efficient reductions of the logic of uninterpreted functions to propositional logic},
 journal = {ACM Transactions Computational Logic},
 volume = {2},
 number = {1},
 year = {2001},
 pages = {93--134},
 }

@article{Ranganath:STTT07,
  author    = {Venkatesh Prasad Ranganath and
               John Hatcliff},
  title     = {Slicing concurrent {J}ava programs using {I}ndus and {K}averi},
  journal   = {Software Tools for Technology Transfer},
  volume    = {9},
  number    = {5-6},
  year      = {2007},
  pages     = {489-504}
}

@inproceedings{OurTACAS03,
  author = {Sarfraz Khurshid and Corina S. P\u{a}s\u{a}reanu and Willem Visser},
  title = {Generalized Symbolic Execution for Model Checking and Testing},
  booktitle = {TACAS},
  pages     = {553-568},
  year = 2003
}


@TechReport{siegel-rossi:2007:eccsvm_tr,
  author = "Stephen F. Siegel and Sameuel E. Moelius and Louis F. Rossi",
  title = "A Case Study in the Use of Model Checking to Verify Parallel Scientific Software",
  institution = "Department of Computer and Information Sciences, University of Delaware",
  year = 2007,
  month = nov,
  number = "UDEL-CIS 2007/343"
}

@misc{MPISPIN:URL,
    author={Stephen F. Siegel},
    title="{MPIN-SPIN} page",
    howpublished={\url{http://vsl.cis.udel.edu/mpi-spin/}},
   year={2008}
}


@INPROCEEDINGS{Yang:ICSM09,
    author = {Guowei Yang and
               Matthew B. Dwyer and
               Gregg Rothermel},
    title = {Regression Model Checking},
    booktitle = {ICSM},
    pages = {115--124},
    year = {2009}
}



@INPROCEEDINGS{elbaum00aug,
author = {Elbaum, S. and Malishevsky, A. and Rothermel, G.},
title = {{Prioritizing Test Cases for Regression Testing}},
booktitle = {{ISSTA}},
month = aug,
year = 2000
}


@INPROCEEDINGS{leung89oct,
author = {Leung, H.K.N. and White, L.},
title = {{Insights into regression testing}},
booktitle = {{ICSM}},
pages = {60--69},
year = 1989
}


@ARTICLE{rothermel97apr,
author = {Rothermel, G. and Harrold, M. J.},
title = {{A safe, efficient regression test selection technique}},
JOURNAL = {TOSEM},
volume = 6,
number = 2,
month = apr,
year = 1997
}


@inproceedings{Sokolsky:CAV94,
 author = {Sokolsky, Oleg and Smolka, Scott A.},
 title = {Incremental Model Checking in the Modal Mu-Calculus},
 booktitle = {CAV},
 year = {1994}
 }


@inproceedings{Conway05incremental,
  author    = {Christopher L. Conway and
               Kedar S. Namjoshi and
               Dennis Dams and
               Stephen A. Edwards},
  title     = {Incremental Algorithms for Inter-procedural Analysis of
               Safety Properties},
  booktitle = {CAV},
  year      = {2005}
}


@INPROCEEDINGS{Henzinger03extrememodel,
    author = {Thomas A. Henzinger and Ranjit Jhala and Rupak Majumdar and Marco A. A. Sanvido},
    title = {Extreme Model Checking},
    booktitle = {ISVTP},
    year = {2003}
}


@INPROCEEDINGS{Hardin96efficientregression,
    author = {R. H. Hardin and R. P. Kurshan and K. L. Mcmillan and J. A. Reeds and N. J. A. Sloane},
    title = {Efficient regression verification},
    booktitle = {WODES},
    year = {1996}
}



@book{Strichman08regressionverification,
 author = {Strichman,, Ofer and Godlin,, Benny},
 title = {Regression Verification - A Practical Way to Verify Programs},
 book = {Verified Software: Theories, Tools, Experiments},
 year = {2008},
 publisher = {Springer-Verlag},
 address = {Berlin, Heidelberg},
 }


 @inproceedings{Lauterburg08isse,
 author = {Lauterburg,, Steven and Sobeih,, Ahmed and Marinov,, Darko and Viswanathan,, Mahesh},
 title = {Incremental state-space exploration for programs with dynamically allocated data},
 booktitle = {ICSE},
 pages = {291--300},
 year = {2008}
 }


@INPROCEEDINGS{Clarke:LICS89,
title={Compositional model checking},
author={Clarke, E.M. and Long, D.E. and McMillan, K.L.},
booktitle={SLCS},
year={1989},
month={Jun},
pages={353-362},
}


@inproceedings{Yeh:TAV91,
 author = {Yeh, Wei Jen and Young, Michal},
 title = {Compositional reachability analysis using process algebra},
 booktitle = {ISSTA},
 year = {1991},
 pages = {49--59},
 publisher = {ACM},
 }

@inproceedings{Corbett:FSE94,
 author = {Corbett, James C. and Avrunin, George S.},
 title = {Towards scalable compositional analysis},
 booktitle = {FSE},
 year = {1994},
 pages = {53--61},
 }

@TechReport{Santelices:Tech09,
  author = {Raul Santelices and Mary Jean Harrold},
  title = {SPA: Symbolic Program Approximation for Scalable Path-sensitive AnalysisIncremental compositional dynamic test generation},
  institution = {Aristotle Research Group / GIT-CERCS},
  year = {2009},
  month = {jun}
}


@inproceedings{Santelices:ICST10,
 author = {Raul Santelices and Mary Jean Harrold and Alessandro Orso},
 title = {Precisely Detecting Runtime Change Interactions for Evolving Software},
 booktitle = {ICST},
 year = {2010}
 }

  @inproceedings{Person:NFM09,
 author = {Suzette Person and Matthew B. Dwyer},
 title = {Generalized Abstract Symbolic Summaries},
 booktitle = {NFM},
 year = {2009},
 pages = {46--55}
 }

@inproceedings{Person:FSE08,
 author = {Person, Suzette and Dwyer, Matthew B. and Elbaum, Sebastian and P\u{a}s\u{a}reanu, Corina S.},
 title = {Differential symbolic execution},
 booktitle = {FSE},
 year = {2008},
 pages = {226--237}
 }


@inproceedings{harrold01,
 author = {Harrold, Mary Jean and Jones, James A. and Li, Tongyu and Liang, Donglin and Orso, Alessandro and Pennings, Maikel and Sinha, Saurabh and Spoon, S. Alexander and Gujarathi, Ashish},
 title = {Regression test selection for {J}ava software},
 booktitle = {OOPSLA},
 year = {2001},
 pages = {312--326}
 }

     @inproceedings{BERT,
 author = {Orso,, Alessandro and Xie,, Tao},
 title = {{BERT}: {BE}havioral {R}egression {T}esting},
 booktitle = {WODA},
 year = {2008},
 pages = {36--42}
 }

  @inproceedings{ren04oopsla,
 author = {Ren, Xiaoxia and Shah, Fenil and Tip, Frank and Ryder, Barbara G. and Chesley, Ophelia},
 title = {Chianti: a tool for change impact analysis of {J}ava programs},
 booktitle = {OOPSLA},
 year = {2004},
 pages = {432--448}
 }

 @inproceedings{KiasanKunit,
 author = {Deng, Xianghua and Robby and Hatcliff, John},
 title = {{Kiasan/KUnit}: Automatic Test Case Generation and Analysis Feedback for Open Object-oriented Systems},
 booktitle = {TAICPART-MUTATION},
 year = {2007},
 pages = {3--12}
 }


  @article{Fluri:TSE07,
 author = {Beat Fluri and Michael W\"{u}rsch and Martin Pinzger and Harald C. Gail},
 title = {Change Distilling: Tree Differencing for Fine-Grained Source Code Change Extraction},
 journal = "IEEE Transactions on Software Engineering",
 volume = "33",
 number = "11",
 pages = "725--743",
 year = "2007"}

  @inproceedings{Neamtiu2005,
 author = {Iulian Neamtiu and Jeffrey S. Foster and Michael Hicks},
 title = {Understanding source code evolution using abstract syntax tree matching},
 booktitle = {MSR},
 year = {2005},
 pages = {1--5}
 }

 @article{Mens02,
 author = {Mens, T.},
 title = {A State-of-the-Art Survey on Software Merging},
 journal = {IEEE Transactions on Software Engineering},
 volume = {28},
 number = {5},
 year = {2002},
 pages = {449--462}
 }


@misc{bcel,
  key = {bcel},
  howpublished = "http://jakarta.apache.org/bcel" }


@article{Graves:TOSEM01,
 author = {Graves, Todd L. and Harrold, Mary Jean and Kim, Jung-Min and Porter, Adam and Rothermel, Gregg},
 title = {An empirical study of regression test selection techniques},
 journal = {ACM Transactions Software Engineering and Methodology},
 volume = {10},
 number = {2},
 year = {2001},
 pages = {184--208}
 }


@inproceedings{Sztipanovits:GP02,
 author = {Sztipanovits, Janos and Karsai, Gabor},
 title = {Generative Programming for Embedded Systems},
 booktitle = {GPCE},
 year = {2002},
 pages = {32--49}
 }


@Book{ARP4761,
 author =   {SAE-ARP4761},
 title =    {Guidelines and Methods for Conducting the Safety
               Assessment Process on Civil Airborne Systems and Equipment},
 publisher =    { SAE International},
 month = {December},
 year =     {1996}
}


@inproceedings{orso04nov,
  author = 	 {Alessandro Orso and Nanjuan Shi and Mary Jean Harrold},
  title =        {Scaling Regression Testing to Large Software Systems},
  booktitle =    {FSE},
  pages =        {241--252},
  month = 	 {November},
  year = 	 {2004},
}

@INPROCEEDINGS{Joshi05:SafeComp,
 AUTHOR =       {Anjali Joshi and
               Mats Per Erik Heimdahl},
 TITLE =        {{Model-Based Safety Analysis of Simulink Models Using SCADE Design Verifier}},
 BOOKTITLE =    {SAFECOMP},
 YEAR =         "2005",
 volume =       "3688",
 series =       {LNCS},
 pages =        "122--135",
 month =        "September"
}

@inproceedings{Santelices:ISSTA10,
 author = {Santelices, Raul and Harrold, Mary Jean},
 title = {Exploiting program dependencies for scalable multiple-path symbolic execution},
 booktitle = {ISSTA},
 year = {2010},
 pages = {195--206}
 }

@inproceedings{Santelices:ASE2008,
 author = {Santelices, R. and Chittimalli, P. K. and Apiwattanapong, T. and Orso, A. and Harrold, M. J.},
 title = {Test-Suite Augmentation for Evolving Software},
 booktitle = {ASE},
 year = {2008},
 isbn = {978-1-4244-2187-9},
 pages = {218--227}
}


@inproceedings{Xu:APSEC09,
  author    = {Zhihong Xu and
               Gregg Rothermel},
  title     = {Directed Test Suite Augmentation},
  booktitle = {APSEC},
  year      = {2009},
  pages     = {406-413}
}

@inproceedings{Qi:ASE10,
 author = {Qi, Dawei and Roychoudhury, Abhik and Liang, Zhenkai},
 title = {Test generation to expose changes in evolving programs},
 booktitle = {ASE},
 year = {2010},
 location = {Antwerp, Belgium},
 pages = {397--406}
 }

@inproceedings{Xu:GECCO10,
  author    = {Zhihong Xu and
               Myra B. Cohen and
               Gregg Rothermel},
  title     = {Factors affecting the use of genetic algorithms in test
               suite augmentation},
  booktitle = {GECCO},
  year      = {2010},
  pages     = {1365-1372}
}

@inproceedings{Jin:ICST10,
 author = {Jin, Wei and Orso, Alessandro and Xie, Tao},
 title = {Automated Behavioral Regression Testing},
 booktitle = {ICST},
 year = {2010},
 pages = {137--146}
}

@inproceedings{Sen:FSE05,
 author = {Sen, Koushik and Marinov, Darko and Agha, Gul},
 title = {{CUTE}: a concolic unit testing engine for C},
 booktitle = {ESEC/FSE},
 year = {2005},
 pages = {263--272}
}

@inproceedings{Godefroid:PLDI05,
 author = {Godefroid, Patrice and Klarlund, Nils and Sen, Koushik},
 title = {{DART}: Directed Automated Random Testing},
 booktitle = {PLDI},
 year = {2005},
 pages = {213--223}
}

@inproceedings{Sen:ASE07,
 author = {Sen, Koushik},
 title = {Concolic testing},
 booktitle = {ASE},
 year = {2007},
 pages = {571--572}
}

@inproceedings{Gupta:ICSM94,
 author = {Gupta, Rajiv and Soffa, Mary Lou},
 title = {A Framework for Partial Data Flow Analysis},
 booktitle = {ICSM},
 year = {1994},
 pages = {4--13}
}

@INPROCEEDINGS{Gupta:ICSM92,
    author = {Rajiv Gupta and Mary Jean and Mary Jean Harrold and Mary Lou Soffa},
    title = {An Approach to Regression Testing using Slicing},
    booktitle = {ICSM},
    year = {1992},
    pages = {299--308}
}

@inproceedings{Weiser:ICSE81,
 author = {Weiser, Mark},
 title = {Program slicing},
 booktitle = {ICSE},
 year = {1981},
 pages = {439--449}
}

@inproceedings{Jhala:PLDI05,
 author = {Jhala, Ranjit and Majumdar, Rupak},
 title = {Path Slicing},
 booktitle = {PLDI},
 year = {2005},
 pages = {38--47}
}

@INPROCEEDINGS{Binkley99,
    author = {David Binkley},
    title = {The Application of Program Slicing to Regression Testing},
    booktitle = {Information and Software Technology Special Issue on Program Slicing},
    year = {1999},
    pages = {583--594}
}

@INPROCEEDINGS{MILLETT98,
    author = {Lynette I. Millett and Tim Teitelbaum},
    title = {Slicing Promela and its Applications to Model Checking, Simulation, and Protocol Understanding},
    booktitle = {SPIN},
    year = {1998},
    pages = {75--83}
}

@ARTICLE{Harman95,
    author = {Mark Harman and Sebastian Danicic},
    title = {Using Program Slicing to Simplify Testing},
    journal = {Journal of Software Testing, Verification and Reliability},
    year = {1995},
    volume = {5},
    pages = {143--162}
}

@inproceedings{Chen03,
  author    = {Zhenqiang Chen and
               Baowen Xu and
               Hongji Yang},
  title     = {Test Coverage Analysis Based on Program Slicing},
  booktitle = {IRI},
  year      = {2003},
  pages     = {559-565},a
 }

@article{Al-Khanjari:2005,
 author = {Al-Khanjari, Z. A. and Woodward, M. R. and Ramadhan, Haider Ali and Kutti, N. S.},
 title = {The Efficiency of Critical Slicing in Fault Localization},
 journal = {Software Quality Control},
 volume = {13},
 issue = {2},
 month = {June},
 year = {2005},
 issn = {0963-9314},
 pages = {129--153},
 numpages = {25},
 publisher = {Kluwer Academic Publishers},
 address = {Hingham, MA, USA},
 }

@Article{visser:ase03,
  author    = {Willem Visser and
               Klaus Havelund and
               Guillaume P. Brat and
               Seungjoon Park and
               Flavio Lerda},
  title     = {Model Checking Programs},
  journal   = {Automated Software Engineering},
  volume    = {10},
  number    = {2},
  year      = {2003},
  pages     = {203-232},
}


@Book{Jackson:AlloyBook,
  author = 	 {Jackson, Daniel},
  title = 	 {Software Abstractions: Logic, Language, and Analysis},
  publisher = 	 {The MIT Press},
  year = 	 {2006},
  address =     {Cambridge, MA}
}



@inproceedings{Jackson:Alloy2000,
 author = {Jackson, Daniel},
 title = {Automating First-Order Relational Logic},
 booktitle = {FSE},
 year = {2000},
 pages = {130--139},
 location = {San Diego, California, United States},
 }

@inproceedings{Jackson:Alloy2001,
 author = {Jackson, Daniel and Shlyakhter, Ilya and Sridharan, Manu},
 title = {A Micromodularity Mechanism},
 booktitle = {ESEC/FSE},
 year = {2001},
 pages = {62--73},
 location = {Vienna, Austria},
 }

@inproceedings{Jackson:AlloyICSE2000,
 author = {Jackson, Daniel and Schechter, Ian and Shlyahter, Hya},
 title = {Alcoa: The Alloy Constraint Analyzer},
 booktitle = {ICSE},
 year = {2000},
 pages = {730--733},
 location = {Limerick, Ireland},
 }


@inproceedings{Taneja:ISSTA11,
  author    = {Kunal Taneja and
               Tao Xie and
               Nikolai Tillmann and
               Jonathan de Halleux},
  title     = {eXpress: Guided Path Exploration for Efficient Regression
               Test Generation},
  booktitle = {ISSTA},
  year      = {2011},
  pages     = {1-11},
}




@inproceedings{SouzaBdP11,
 author = {Souza, Matheus and Borges, Mateus and d'Amorim, Marcelo and P\u{a}s\u{a}reanu, Corina S.},
 title = {CORAL: solving complex constraints for {S}ymbolic {P}ath{F}inder},
 booktitle = {NFM},
 year = {2011},
 pages = {359--374},
} 

@misc{SIR,
  key= {},
  howpublished = {SIR Repository. http://sir.unl.edu.} 
}

@article{muJava,
 author = {Ma, Yu-Seung and Offutt, Jeff and Kwon, Yong Rae},
 title = {{MuJava}: an automated class mutation system: Research Articles},
 journal = {Softw. Test. Verif. Reliab.},
 issue_date = {June 2005},
 volume = {15},
 number = {2},
 month = jun,
 year = {2005},
 pages = {97--133},
 numpages = {37},
 publisher = {John Wiley and Sons Ltd.},
 address = {Chichester, UK},
 keywords = {mutation testing, object-oriented programs, software testing},
} 


@inproceedings{Siddiqui:Ranged,
 author = {Siddiqui, Junaid Haroon and Khurshid, Sarfraz},
 title = {Scaling Symbolic Execution Using Ranged Analysis},
 booktitle = {OOPSLA},
 year = {2012},
 pages = {523--536},
} 


@inproceedings{Staats:Parallel,
 author = {Staats, Matt and P\u{a}s\u{a}reanu, Corina S.},
 title = {Parallel Symbolic Execution for Structural Test Generation},
 booktitle = {ISSTA},
 year = {2010},
 pages = {183--194},
} 


@inproceedings{Siddiqui:2010,
 author = {Siddiqui, Junaid Haroon and Khurshid, Sarfraz},
 title = {{ParSym}: Parallel Symbolic Execution},
 booktitle = {ICSTE},
 year = {2010},
 pages = {V1-405-V1-409},
} 



@inproceedings{Inkumsah:2008,
 author = {Kobi Inkumsah and Tao Xie},
 title = {Improving Structural Testing of Object-Oriented Programs via Integrating Evolutionary Testing and Symbolic Execution},
 booktitle = {ASE},
 year = {2008},
 pages = {297--306},
} 


@inproceedings{Souza:NFM11,
  author    = {Matheus Souza and
               Mateus Borges and
               Marcelo d'Amorim and
               Corina S. P\u{a}s\u{a}reanu},
  title     = {{CORAL}: Solving Complex Constraints for {Symbolic PathFinder}},
  booktitle = {NASA Formal Methods},
  publisher = {Springer},
  series    = {Lecture Notes in Computer Science},
  volume    = {6617},
  year      = {2011},
  pages     = {359-374}
}
