@mastersthesis{saints-MS,
    author     =     {Saint O. Wesonga},
    title     =     {{J}avalite - An Operational Semantics for Modeling {J}ava Programs},
    school     =     {Brigham Young University},
    address     =     {Provo UT},
    year     =     {2012},
    }